@misc{dumas2005nonlinear,
  author = {Dumas, Éric},
  title  = {About nonlinear geometric optics},
  year   = {2005},
  eprint = {math/0511629},
  archivePrefix = {arXiv},
  primaryClass = {math.AP},
  url    = {https://arxiv.org/abs/math/0511629}
}

@article{couairon2007femtosecond,
  author  = {Couairon, Arnaud and Mysyrowicz, André},
  title   = {Femtosecond filamentation in transparent media},
  journal = {Physics Reports},
  year    = {2007},
  volume  = {441},
  pages   = {47--189},
  doi     = {10.1016/j.physrep.2006.12.005},
  url     = {https://www.sciencedirect.com/science/article/abs/pii/S037015730700021X}
}

@article{kolesik2004nonlinear,
  author  = {Kolesik, Miroslav and Moloney, Jerome V.},
  title   = {Nonlinear optical pulse propagation simulation: From Maxwell’s to unidirectional equations},
  journal = {Physical Review E},
  year    = {2004},
  volume  = {70},
  number  = {3},
  pages   = {036604},
  doi     = {10.1103/PhysRevE.70.036604},
  url     = {https://link.aps.org/doi/10.1103/PhysRevE.70.036604}
}

@article{berge2007ultrashort,
  author  = {Bergé, Luc and Skupin, Stefan and Nuter, Romain and Kasparian, Jér{\^o}me and Wolf, Jean-Pierre},
  title   = {Ultrashort filaments of light in weakly ionized, optically transparent media},
  journal = {Reports on Progress in Physics},
  year    = {2007},
  volume  = {70},
  number  = {10},
  pages   = {1633--1713},
  doi     = {10.1088/0034-4885/70/10/R03},
  url     = {https://acms.arizona.edu/FemtoTheory/MK_personal/opti583/literature/Berge_Rep_Prog_Phys.pdf}
}

@article{brabec1997singlecycle,
  author  = {Brabec, Thomas and Krausz, Ferenc},
  title   = {Nonlinear Optical Pulse Propagation in the Single-Cycle Regime},
  journal = {Physical Review Letters},
  year    = {1997},
  volume  = {78},
  number  = {17},
  pages   = {3282--3285},
  doi     = {10.1103/PhysRevLett.78.3282},
  url     = {https://link.aps.org/doi/10.1103/PhysRevLett.78.3282}
}

@book{agrawal2012nonlinear,
  author    = {Agrawal, Govind P.},
  title     = {Nonlinear Fiber Optics},
  edition   = {5},
  year      = {2012},
  publisher = {Academic Press},
  isbn      = {9780123970237},
  url       = {https://shop.elsevier.com/books/nonlinear-fiber-optics/agrawal/978-0-12-397023-7}
}
